<collection xmlns="http://www.loc.gov/MARC21/slim">
<record>
  <leader>01860nam0a22002891i 450 </leader>
  <controlfield tag="001">IT\ICCU\CNCE\023753</controlfield>
  <controlfield tag="005">20090330000000.0</controlfield>
  <datafield tag="012" ind1=" " ind2=" ">
    <subfield code="a">r-me nia, l-l- logl (3) 1579 (A)</subfield>
    <subfield code="2">fei</subfield>
  </datafield>
  <datafield tag="100" ind1=" " ind2=" ">
    <subfield code="a">19970715d1579        0itac0103    ba</subfield>
  </datafield>
  <datafield tag="101" ind1=" " ind2=" ">
    <subfield code="a">ITA</subfield>
  </datafield>
  <datafield tag="102" ind1=" " ind2=" ">
    <subfield code="a">IT</subfield>
  </datafield>
  <datafield tag="200" ind1="1" ind2=" ">
    <subfield code="a">Oratione al illustriss. et eccellentiss. sig. don Nicola Bernardino Sanseuerino, prencipe di Bisignano. Del r.d. Gioan Donato Giacob canonico di San Nicola di Bari nella quale si tratta delle lodi del suo priore, delle vert ̮dell&apos;vliua, &amp; dell&apos;eccellenzadel suo frutto. Recitata nella collegiata, et real chiesa pur di Bari  ̉2. di decembre. M.D.LXXVI</subfield>
  </datafield>
  <datafield tag="210" ind1=" " ind2=" ">
    <subfield code="a">In Napoli</subfield>
    <subfield code="c">per Gio. Iacomo Carlino stampatore di m. Horatio Saluiani</subfield>
    <subfield code="d">1579</subfield>
    <subfield code="e">In Napoli</subfield>
    <subfield code="g">per Gio. Iacomo Carlino</subfield>
    <subfield code="h">stampatore di m. Horatio Saluiani</subfield>
    <subfield code="h">1579</subfield>
  </datafield>
  <datafield tag="215" ind1=" " ind2=" ">
    <subfield code="a">48 p.</subfield>
    <subfield code="d">8ʻ</subfield>
  </datafield>
  <datafield tag="620" ind1=" " ind2=" ">
    <subfield code="a">IT</subfield>
    <subfield code="d">Napoli</subfield>
  </datafield>
  <datafield tag="700" ind1=" " ind2="1">
    <subfield code="a">Giacob,</subfield>
    <subfield code="b">Gioandonato</subfield>
    <subfield code="3">IT\ICCU\CNCA\006891</subfield>
  </datafield>
  <datafield tag="712" ind1="0" ind2="0">
    <subfield code="a">Carlino, Giovanni Giacomo</subfield>
    <subfield code="3">IT\ICCU\CNCT\000822</subfield>
    <subfield code="4">650</subfield>
  </datafield>
  <datafield tag="712" ind1="0" ind2="0">
    <subfield code="a">Salviani, Orazio</subfield>
    <subfield code="3">IT\ICCU\CNCT\000065</subfield>
    <subfield code="4">650</subfield>
  </datafield>
  <datafield tag="791" ind1="0" ind2="0">
    <subfield code="a">Carlinus, Ioannes Iacobus</subfield>
    <subfield code="3">IT\ICCU\CNCT\004454</subfield>
    <subfield code="z">Carlino, Giovanni Giacomo</subfield>
  </datafield>
  <datafield tag="791" ind1="0" ind2="0">
    <subfield code="a">Carlino, Giacomo</subfield>
    <subfield code="3">IT\ICCU\CNCT\004455</subfield>
    <subfield code="z">Carlino, Giovanni Giacomo</subfield>
  </datafield>
  <datafield tag="791" ind1="0" ind2="2">
    <subfield code="a">Officina Salviana</subfield>
    <subfield code="c"> &lt;Napoli&gt;</subfield>
    <subfield code="3">IT\ICCU\CNCT\003024</subfield>
    <subfield code="z">Salviani, Orazio</subfield>
  </datafield>
  <datafield tag="791" ind1="0" ind2="0">
    <subfield code="a">Salvianus, Horatius</subfield>
    <subfield code="3">IT\ICCU\CNCT\005547</subfield>
    <subfield code="z">Salviani, Orazio</subfield>
  </datafield>
  <datafield tag="801" ind1=" " ind2="3">
    <subfield code="a">IT</subfield>
    <subfield code="b">ICCU</subfield>
    <subfield code="c">20201114</subfield>
  </datafield>
  <datafield tag="899" ind1=" " ind2=" ">
    <subfield code="a">Biblioteca della Pontificia universit ̉Urbaniana. Citt ̉del Vaticano</subfield>
    <subfield code="1">EX0003</subfield>
    <subfield code="2">ZCV 04</subfield>
  </datafield>
  <datafield tag="899" ind1=" " ind2=" ">
    <subfield code="a">Biblioteca Angelica. Roma</subfield>
    <subfield code="1">RM0290</subfield>
    <subfield code="2">RML 06</subfield>
  </datafield>
  <datafield tag="911" ind1=" " ind2=" ">
    <subfield code="a">Sul front.</subfield>
    <subfield code="9">IT\ICCU\CNCM\000229</subfield>
  </datafield>
  <datafield tag="921" ind1=" " ind2=" ">
    <subfield code="a">IT\ICCU\CNCM\000229</subfield>
    <subfield code="b">Pellegrino in cammino con il bordone in spalla. Sullo sfondo paesaggio con una costellazione di nove stelle. In cornice.</subfield>
    <subfield code="e">Peregrinus sum a iuventute mea.</subfield>
    <subfield code="c">Z950</subfield>
    <subfield code="d">Dimensioni: 3 (4,2 con il motto) x 3,2</subfield>
    <subfield code="f">BASTONE</subfield>
    <subfield code="f">PELLEGRINO</subfield>
    <subfield code="f">PEREGRINUS</subfield>
    <subfield code="g">1575-1592</subfield>
  </datafield>
</record>
</collection>
